% This file was created with Citavi 6.14.4.0

@book{.2019,
 author = {{Erin Pangilinan, Steve Lukas, Vasanth Mohan}},
 year = {2019},
 title = {Creating augmented and virtual realities},
 keywords = {Augmented reality;Virtual Reality;Virtuele werkelijkheid},
 edition = {1},
 publisher = {{O'Reilly Media}},
 isbn = {978-1-492-04419-2},
 subtitle = {Theory and practice for next-generation spatial computing},
 location = {Sebastopol CA},
 abstract = {Despite popular forays into augmented and virtual reality in recent years, spatial computing still sits on the cusp of mainstream use. Developers, artists, and designers looking to enter this field today have few places to turn for expert guidance. In this book, Erin Pangilinan, Steve Lukas, and Vasanth Mohan examine the AR and VR development pipeline and provide hands-on practice to help you hone your skills. Through step-by-step tutorials, you'll learn how to build practical applications and experiences grounded in theory and backed by industry use cases. In each section of the book, industry specialists, including Timoni West, Victor Prisacariu, and Nicolas Meuleau, join the authors to explain the technology behind spatial computing. --Publisher},
 file = {Creating Augmented and Virtual Realities{\_} Theory and Practice for Next-Generation Spatial Computing ( PDFDrive ):Attachments/Creating Augmented and Virtual Realities{\_} Theory and Practice for Next-Generation Spatial Computing ( PDFDrive ).pdf:application/pdf}
}


@online{.20230410,
 editor = {{Magic Leap}},
 year = {2023-04-10},
 title = {Magic Leap 2},
 url = {https://www.magicleap.com/magic-leap-2},
 urldate = {2023-04-25},
 abstract = {},
 file = {Magic Leap 2 2023-04-10:Attachments/Magic Leap 2 2023-04-10.pdf:application/pdf}
}


@misc{.b,
 year = {2007},
 title = {Conversion of Geodetic coordinates to the Local Tangent Plane},
 url = {https://archive.psas.pdx.edu/CoordinateSystem/Latitude_to_LocalTangent.pdf},
 urldate = {2023-04-25},
 abstract = {},
 pagetotal = {4},
 organization = {{Portland State Aerospace Society}},
 file = {Latitude{\_}to{\_}LocalTangent:Attachments/Latitude{\_}to{\_}LocalTangent.pdf:application/pdf}
}


@online{3DMaster.25.10.2018,
 author = {{VisCircle GmbH}},
 editor = {{VisCircle GmbH}},
 year = {25.10.2018},
 title = {Unreal Engine vs. Unity: welche Software sollten Gamedeveloper w{\"a}hlen?},
 url = {https://viscircle.de/unreal-engine-vs-unity-welche-software-sollten-gamedeveloper-waehlen/},
 urldate = {2023-04-25},
 abstract = {In dem folgenden Beitrag erfolgt eine vergleichende Analyse zwischen Unreal Engine 4 und Unity 3D.},
 file = {3DMaster 25.10.2018 - Unreal Engine vs:Attachments/3DMaster 25.10.2018 - Unreal Engine vs.pdf:application/pdf}
}


@online{admin.15.7.2020,
 author = {{AVT Simulation}},
 editor = {{AVT Simulation}},
 year = {15.7.2020},
 title = {How to Build a Simulator -- 6 -- Visual Systems},
 url = {https://www.avtsim.com/how-to-build-a-simulator-visual-systems-image-generator/},
 urldate = {2023-04-25},
 abstract = {The IG predominantly creates the OTW display and drives images to the MPD/MFD and sensor displays like FLIR, NVG, or radar.},
 file = {admin 15.7.2020 - How to Build a Simulator:Attachments/admin 15.7.2020 - How to Build a Simulator.pdf:application/pdf}
}


@article{azuma1997survey,
 author = {Azuma, Ronald T.},
 year = {1997},
 title = {A survey of augmented reality},
 keywords = {Virtual Reality},
 volume = {6},
 journaltitle = {Presence: teleoperators {\&} virtual environments},
 number = {4},
 abstract = {},
 file = {Azuma 1997 - A survey of augmented reality:Attachments/Azuma 1997 - A survey of augmented reality.pdf:application/pdf}
}


@book{Baker.2012,
 author = {Baker, Joanne},
 year = {2012},
 title = {50 Schl{\"u}sselideen Astronomie und Kosmologie},
 keywords = {Astronomie;Astronomy;Astrophysik;Galaxien;Hardback;Kosmologie;Physics;Popular/general;Science (General);Sterne;Universum;Weltraum},
 publisher = {{Spektrum Akad. Verl.}},
 location = {Heidelberg},
 abstract = {Eine Entdeckungsreise durch unser Universum - vom Urknall bis zur Astrobiologie.In 50 Schl{\"u}sselideen Astronomie und Kosmologieerkl{\"a}rt Joanne Baker klar und pr{\"a}gnant die wichtigen Konzepte, gro{\ss}en Entdeckungen und neuesten Theorien der Astronomen und Astrophysiker.  Joanne Bakerist Redakteurin beim f{\"u}hrenden internationalen Wissenschaftsmagazin Nature, wo sie sich auf Raum- und Geowissenschaften spezialisiert hat. Sie hat in Cambridge studiert und an der University of Sydney in Astrophysik promoviert. In der Reihe 50 Schl{\"u}sselideenhat sie auch den Band {\"u}ber Physik verfasst.



Eine Entdeckungsreise durch unser Universum - vom Urknall bis zur Astrobiologie Planeten Das heliozentrische Weltbild Keplers Gesetze Newtons Gravitationsgesetz Newtons Theorie der Optik Das Teleskop Fraunhofer-Linien Der Doppler-Effekt Parallaxe Die gro{\ss}e Debatte Olbers{\grq} Paradoxon Die Hubble-Konstante Die kosmische Entfernungsleiter Der Urknall Der kosmische Mikrowellen-Hintergrund Die Nukleosynthese im Urknall Antimaterie Dunkle Materie Die kosmische Inflation Dunkle Energie Machs Prinzip Die Spezielle Relativit{\"a}tstheorie Die Allgemeine Relativit{\"a}tstheorie Schwarze L{\"o}cher Teilchenastrophysik Das Higgs-Boson Die String-Theorie Das anthropische Prinzip Die Hubble-Klassifikation f{\"u}r Galaxien Galaxiehaufen Gro{\ss}r{\"a}umige Strukturen Radioastronomie Quasare Kosmischer R{\"o}ntgenhintergrund Supermassereiche Schwarze L{\"o}cher Die Entwicklung von Galaxien Gravitationslinsen Die Klassifikation von Sternen Die Entwicklung Die Geburt eines Sterns Der Tod eines Sterns Pulsare Gammablitze Ver{\"a}nderlichkeit Die Sonne Exoplaneten Die Entstehung des Sonnensystems Monde Astrobiologie Das Fermi-Paradoxon {\_}{\_}{\_}{\_}{\_}~ Seit Jahrtausenden blicken die Menschen staunend zum Nachthimmel, sie haben die Bewegungen der Planeten verfolgt und versucht, unseren Platz im Universum zu erkl{\"a}ren. Doch erst in unserer Zeit sind die tats{\"a}chlichen Ausma{\ss}e des Kosmos, seine erstaunliche Vielfalt und bemerkenswerte Fremdheit wirklich deutlich geworden. Die Geschwindigkeit und Raffinesse neuer wissenschaftlicher Entdeckungen sind atemberaubend, aber die Durchbr{\"u}che sind oft schwer verst{\"a}ndlich und ihre Auswirkungen kaum abzusehen. In 50 Schl{\"u}sselideen Astronomie und Kosmologie erkl{\"a}rt Joanne Baker klar und pr{\"a}gnant die wichtigen Konzepte, gro{\ss}en Entdeckungen und neuesten Theorien der Astrophysiker, darunter: die Grundprinzipien der Astronomie, vom Heliozentrismus bis zu Newtons Theorie der Optik den Aufbau des Universums, seine Entstehung und Entwicklung die Schl{\"u}sselkonzepte der Kosmologie, etwa die Relativit{\"a}tstheorie, supermassereiche schwarze L{\"o}cher und {\glqq}Multiversen{\grqq} die j{\"u}ngsten Entwicklungen im Verst{\"a}ndnis von Quasaren, Exoplaneten und Astrobiologie Mit seinem breiten Themenbogen - von wei{\ss}en Zwergen bis zur dunklen Energie, vom Urknall bis zum Sternentod, von Newtons Gravitationsgesetz bis zum kosmischen Mikrowellen-Hintergrund - ist dieses Buch die perfekte Einf{\"u}hrung in die Fundamente und das Weltbild der modernen Astronomie und Kosmologie. Es beschreibt die Forschung ...},
 doi = {10.1007/978-3-8274-2902-5},
 file = {978-3-8274-2902-5:Attachments/978-3-8274-2902-5.pdf:application/pdf}
}


@article{Brooke.1995,
 author = {Brooke, John},
 year = {1995},
 title = {SUS: A quick and dirty usability scale},
 url = {https://www.researchgate.net/publication/228593520_SUS_A_quick_and_dirty_usability_scale},
 journaltitle = {Usability Eval. Ind.},
 abstract = {},
 file = {SUSCHAPT:Attachments/SUSCHAPT.pdf:application/pdf}
}


@article{Brown.2022,
 author = {Brown, Phillip and Spronck, Pieter and Powell, Wendy},
 year = {2022},
 title = {The simulator sickness questionnaire, and the erroneous zero baseline assumption},
 url = {https://www.frontiersin.org/articles/10.3389/frvir.2022.945800/full},
 keywords = {cybersickness, simulator sickness, SSQ, motion sickness, virtual reality, self report, baseline},
 urldate = {2023-04-25},
 volume = {3},
 issn = {2673-4192},
 journaltitle = {Frontiers in Virtual Reality},
 shortjournal = {Front. Virtual Real.},
 doi = {10.3389/frvir.2022.945800},
 abstract = {Cybersickness assessment is predominantly conducted via the Simulator Sickness Questionnaire (SSQ). Literature has highlighted that assumptions which are made concerning baseline assessment may be incorrect, especially the assumption that healthy participants enter with no or minimal associated symptoms. An online survey study was conducted to explore further this assumption amongst a general population sample (N=93). Results for this study suggest that the current baseline assumption may be inherently incorrect.},
 file = {Brown, Spronck et al. 2022 - The simulator sickness questionnaire:Attachments/Brown, Spronck et al. 2022 - The simulator sickness questionnaire.pdf:application/pdf}
}


@article{Clynch.2006AllgemeinAugmentedReality,
 author = {Clynch, James R.},
 year = {2006},
 title = {Earth coordinates},
 journaltitle = {Electronic Documentation, February},
 abstract = {},
 file = {Earth Coordinates:Attachments/Earth Coordinates.pdf:application/pdf}
}


@book{Cohen.2001,
 author = {Cohen, David M.},
 year = {2001},
 title = {The Vital Link},
 url = {https://apps.dtic.mil/sti/citations/ADA388278},
 urldate = {2023-04-25},
 edition = {1},
 publisher = {{Air University Press}},
 subtitle = {The Tanker's Role in Winning America's Wars},
 location = {Maxwell Air Force Base, AL},
 abstract = {This paper focuses on the unique and vital capabilities of the US Air Force's KC-135 tanker fleet. It analyzes historic and current tanker usage, tanker operational employment, and the capability of today's tanker fleet, with emphasis on force structure and force management. In light of decreasing budgets, aging airframes, increase downtime for maintenance, and an explosion in the operations tempo, this paper proposes a four-pronged methodology addressing tanker vision, organization, training and employment, as the correction needed to get the KC-135 weapon system back on centerline. This will allow the tanker to effectively aid the Air Force in successfully deterring conflict and, if needed, quickly win the nation's future wars.},
 file = {ADA388278:Attachments/ADA388278.pdf:application/pdf}
}


@article{Doebbler.2007,
 author = {Doebbler, James and Spaeth, Theresa and Valasek, John and Monda, Mark J. and Schaub, Hanspeter},
 year = {2007},
 title = {Boom and Receptacle Autonomous Air Refueling Using Visual Snake Optical Sensor},
 pages = {1753--1769},
 pagination = {page},
 volume = {30},
 issn = {0731-5090},
 journaltitle = {Journal of Guidance, Control, and Dynamics},
 shortjournal = {Journal of Guidance, Control, and Dynamics},
 language = {en},
 doi = {10.2514/1.28305},
 number = {6},
 abstract = {},
 file = {Doebbler, Spaeth et al. 2007 - Boom and Receptacle Autonomous Air:Attachments/Doebbler, Spaeth et al. 2007 - Boom and Receptacle Autonomous Air.pdf:application/pdf}
}


@book{Doerner.2022,
 author = {Doerner, R. and Broll, W. and Grimm, P. and Jung, B.},
 year = {2022},
 title = {Virtual and augmented reality (VR/AR)---foundations and methods of extended realities (XR)},
 publisher = {{Springer Cham}},
 isbn = {978-3-030-79062-2},
 abstract = {},
 file = {978-3-030-79062-2:Attachments/978-3-030-79062-2.pdf:application/pdf}
}


@book{Dunn.2011,
 author = {Dunn, Fletcher and Parberry, Ian},
 year = {2011},
 title = {3D math primer for graphics and game development},
 edition = {2nd ed.},
 publisher = {{A K Peters/CRC Press}},
 isbn = {9781439869819},
 location = {Boca Raton, FL},
 abstract = {{\textquotedbl}This book presents the essential math needed to describe, simulate, and render a 3D world. It provides an introduction to mathematics for game designers, including fundamentals of coordinate spaces, vectors, and matrices, orientation in three dimensions, introduction to calculus and dynamics, graphics, and parametric curves{\textquotedbl}--},
 pagetotal = {805},
 file = {3D Math Primer for Graphics and Game Development (2nd Ed):Attachments/3D Math Primer for Graphics and Game Development (2nd Ed).pdf:application/pdf}
}


@book{F.A.BrockhausMannheimFirm.19961999,
 year = {1996-1999},
 title = {Brockhaus, die Enzyklop{\"a}die},
 edition = {20. {\"u}berarbeitete und aktualisierte Aufl.},
 publisher = {{F.A. Brockhaus}},
 isbn = {3-7653-3116-3},
 subtitle = {In vierundzwanzig B{\"a}nden},
 location = {Leipzig},
 abstract = {},
 organization = {{F.A. Brockhaus Mannheim (Firm)}}
}


@book{Fahrmeir.2016,
 author = {Fahrmeir, Ludwig and Heumann, Christian and K{\"u}nstler, Rita and Pigeot, Iris and Tutz, Gerhard},
 year = {2016},
 title = {Statistik},
 keywords = {Mathematical statistics;Statistische Methodenlehre;Theorie},
 edition = {8},
 publisher = {{Springer-Verlag GmbH}},
 subtitle = {Der Weg zur Datenanalyse},
 location = {Berlin and Heidelberg},
 series = {Springer-Lehrbuch},
 abstract = {Verl.Beschr.: Das Buch liefert eine umfassende Darstellung der deskriptiven und induktiven Statistik sowie moderner Methoden der explorativen Datenanalyse. Dabei stehen inhaltliche Motivation, Interpretation und Verst{\"a}ndnis der Methoden im Vordergrund IBM unterst{\"u}tzt durch zahlreiche Grafiken und Anwendungsbeispiele, die auf realen Daten basieren. Hervorhebungen am Rand erh{\"o}hen dabei die Lesbarkeit und {\"U}bersichtlichkeit. Das Buch eignet sich als vorlesungs-begleitende Lekt{\"u}re, aber auch zum Selbststudium. F{\"u}r die vorliegende 8. Auflage wurden bisher verwendete Anwendungsbeispiele und Datens{\"a}tze aktualisiert sowie weitere Beispiele und exemplarische R-Codes hinzugef{\"u}gt. Die im Buch beschriebenen Ergebnisse k{\"o}nnen ausserdem anhand der online zur Verf{\"u}gung stehenden Materialien reproduziert sowie um eigene Analysen erg{\"a}nzt werden},
 doi = {10.1007/978-3-662-50372-0},
 file = {978-3-662-50372-0:Attachments/978-3-662-50372-0.pdf:application/pdf}
}


@misc{Ferwerda.2018,
 author = {Ferwerda, Derek and McLaughlin, Steve and Ingmire, Jennifer and Peake, Steve and Burket, Mark and Slusher, Harry and Tipton, Robert},
 year = {15.10.2018},
 title = {Aerial Refueling Probe/Drogue System},
 abstract = {},
 organization = {{Aerial Refueling Systems Advisory Group}},
 file = {Aerial Refueling ProbeDrogue System:Attachments/Aerial Refueling ProbeDrogue System.pdf:application/pdf}
}


@article{Fritz.2012,
 author = {Fritz, Catherine O. and Morris, Peter E. and Richler, Jennifer J.},
 year = {2011},
 title = {Effect size estimates: current use, calculations, and interpretation},
 urldate = {2023-04-24},
 pages = {2--18},
 pagination = {page},
 journaltitle = {Journal of experimental psychology. General},
 language = {eng},
 doi = {10.1037/a0024338},
 number = {141},
 abstract = {The Publication Manual of the American Psychological Association (American Psychological Association, 2001, American Psychological Association, 2010) calls for the reporting of effect sizes and their confidence intervals. Estimates of effect size are useful for determining the practical or theoretical importance of an effect, the relative contributions of factors, and the power of an analysis. We surveyed articles published in 2009 and 2010 in the Journal of Experimental Psychology: General, noting the statistical analyses reported and the associated reporting of effect size estimates. Effect sizes were reported for fewer than half of the analyses; no article reported a confidence interval for an effect size. The most often reported analysis was analysis of variance, and almost half of these reports were not accompanied by effect sizes. Partial \textgreek{h}2 was the most commonly reported effect size estimate for analysis of variance. For t tests, 2/3 of the articles did not report an associated effect size estimate; Cohen's d was the most often reported. We provide a straightforward guide to understanding, selecting, calculating, and interpreting effect sizes for many types of data and to methods for calculating effect size confidence intervals and power analysis.},
 pagetotal = {19},
 file = {Effect-Size-Estimates-Current-Use-Calculations-and-Interpretation:Attachments/Effect-Size-Estimates-Current-Use-Calculations-and-Interpretation.pdf:application/pdf},
 eprint = {21823805}
}


@online{GitHub.20230407,
 author = {Microsoft},
 year = {2023-04-07},
 title = {MixedRealityToolkit-Unity},
 url = {https://github.com/microsoft/MixedRealityToolkit-Unity},
 urldate = {2023-04-25},
 abstract = {Mixed Reality Toolkit (MRTK) provides a set of components and features to accelerate cross-platform MR app development in Unity. - GitHub - microsoft/MixedRealityToolkit-Unity: Mixed Reality Toolkit (MRTK) provides a set of components and features to accelerate cross-platform MR app development in Unity.},
 file = {Microsoft 2023-04-07 - MixedRealityToolkit-Unity:Attachments/Microsoft 2023-04-07 - MixedRealityToolkit-Unity.pdf:application/pdf},
 subtitle = {Mixed Reality Toolkit (MRTK) provides a set of components and features to accelerate cross-platform MR app development in Unity}
}


@article{Gourlay.2017,
 author = {Gourlay, Michael J. and Held, Robert T.},
 year = {2017},
 title = {Head-Mounted-Display Tracking for Augmented and Virtual Reality},
 pages = {6--10},
 pagination = {page},
 volume = {33},
 issn = {2637-496X},
 journaltitle = {Information Display},
 language = {en},
 doi = {10.1002/j.2637-496X.2017.tb00962.x},
 number = {1},
 abstract = {Head tracking is a key technical component for AR and VR applications that use head-mounted displays. Many different head-tracking systems are currently in use, but one called ``inside-out'' tracking...},
 file = {Gourlay, Held 2017 - Head-Mounted-Display Tracking for Augmented:Attachments/Gourlay, Held 2017 - Head-Mounted-Display Tracking for Augmented.pdf:application/pdf}
}


@article{Grothe.15.3.2021,
 author = {Grothe, Solveig},
 title = {Augenblick mal},
 url = {https://www.spiegel.de/geschichte/luftbetankung-in-los-angeles-1921-warum-ein-mann-im-himmel-umstieg-a-5e0ea2e7-7ec7-464a-9968-2856a2348b24},
 urldate = {2023-04-25},
 journaltitle = {DER SPIEGEL},
 date = {2021-03-15},
 subtitle = {Fliegender Wechsel - warum ein Mann im Himmel umstieg},
 abstract = {Der Draufg{\"a}nger, der sich vor gut hundert Jahren tollk{\"u}hn von einem Doppeldecker zum n{\"a}chsten hangelte, lieferte keinen Coffee-to-fly. Er verfolgte eine ganz andere Mission -- ein Bild und seine Geschichte.},
 file = {Grothe 15.3.2021 - Augenblick mal:Attachments/Grothe 15.3.2021 - Augenblick mal.pdf:application/pdf}
}


@incollection{Hart.1988,
 author = {Hart, Sandra G. and Staveland, Lowell E.},
 title = {Development of NASA-TLX (Task Load Index): Results of Empirical and Theoretical Research},
 pages = {139--183},
 bookpagination = {page},
 volume = {52},
 publisher = {North-Holland},
 series = {Advances in Psychology},
 editor = {Hancock, Peter A. and Meshkati, Najmedin},
 booktitle = {Human Mental Workload},
 year = {1988},
 abstract = {The results of a multi-year research program to identify the factors associated with variations in subjective workload within and between different types of tasks are reviewed. Subjective evaluations of 10 workload-related factors were obtained from 16 different experiments. The experimental tasks included simple cognitive and manual control tasks, complex laboratory and supervisory control tasks, and aircraft simulation. Task-, behavior-, and subject-related correlates of subjective workload experiences varied as a function of difficulty manipulations within experiments, different sources of workload between experiments, and individual differences in workload definition. A multi-dimensional rating scale is proposed in which information about the magnitude and sources of six workload-related factors are combined to derive a sensitive and reliable estimate of workload.},
 doi = {10.1016/S0166-4115(08)62386-9},
 file = {Hart, Staveland - Development of NASA-TLX Task Load:Attachments/Hart, Staveland - Development of NASA-TLX Task Load.pdf:application/pdf}
}


@article{Kennedy.1993,
 author = {Kennedy, Robert S. and Lane, Norman E. and Berbaum, Kevin S. and Lilienthal, Michael G.},
 year = {1993},
 title = {Simulator Sickness Questionnaire},
 pages = {203--220},
 pagination = {page},
 volume = {3},
 journaltitle = {The International Journal of Aviation Psychology},
 subtitle = {An Enhanced Method for Quantifying Simulator Sickness},
 doi = {10.1207/s15327108ijap0303_3},
 number = {3},
 abstract = {Simulator sickness (SS) in high-fidelity visual simulators is a byproduct of modem simulation technology. Although it involves symptoms similar to those of motion-induced sickness (MS), SS tends to...}
}


@online{LockheedMartin.2022,
 author = {{Lockheed Martin}},
 year = {2022},
 title = {Gaming Technology: The Future of Training},
 url = {https://www.lockheedmartin.com/en-us/news/features/2022/gaming-technology-the-future-of-training.html},
 urldate = {2023-04-25},
 abstract = {Lockheed Martin and Unreal Engine increase training realism with realistic visualizations.},
 file = {Lockheed Martin 2022 - Gaming Technology:Attachments/Lockheed Martin 2022 - Gaming Technology.pdf:application/pdf}
}


@online{Mapbox.05.05.2017,
 author = {Kahyaoglu, Baran},
 year = {05.05.2017},
 title = {WGS84 precision in Unity World Space},
 url = {https://blog.mapbox.com/wgs84-precision-in-unity-world-space-687c7d574bb3},
 urldate = {2023-04-25},
 abstract = {When working in Unity, placing features on a map in the correct geographic coordinates requires accuracy and precision in order to match real world locations. This can be tricky, so we've created a$\ldots$},
 file = {Mapbox 05.05.2017 - WGS84 precision in Unity World:Attachments/Mapbox 05.05.2017 - WGS84 precision in Unity World.pdf:application/pdf}
}


@misc{marc.2014,
 author = {{Marc Winterbottom, MS, James Gaska, PhD, Steven Wright, OD, Steven Hadley, MD, Charles Lloyd, PhD, Hong Gao, OD PhD, Frederick Tey, PhD, John McIntire, PhD}},
 year = {2014},
 title = {Operational Based Vision Assessment Research: Depth Perception},
 url = {https://apps.dtic.mil/sti/citations/ADA617034},
 series = {School of Aerospace Medicine Kettering oh Occupational and Environmental Health Dept/ Risk analysis br},
 organization = {{School of Aerospace Medicine Kettering oh Occupational and Environmental}},
 file = {Operational Based Vision Assessment Research:Attachments/Operational Based Vision Assessment Research.pdf:application/pdf}
}


@book{MehlerBicher.2022,
 author = {Mehler-Bicher, Anett and Steiger, Lothar},
 year = {2022},
 title = {Augmented reality},
 publisher = {{De Gruyter Oldenbourg}},
 subtitle = {Theorie und praxis},
 location = {Berlin and Boston},
 abstract = {},
 file = {10.1515{\_}9783110756500:Attachments/10.1515{\_}9783110756500.pdf:application/pdf}
}


@proceedings{NMasotti.2015,
 year = {2015},
 title = {Gaze-coupled Perspective for Enhanced Human-Machine Interfaces in Aeronautics},
 editor = {{N Masotti} and {F Persiani}},
 abstract = {PDF | In aeronautics, many Virtual/Augmented Reality (V/AR) facilities, such as flight simulators, control-tower simulators, remote towers and flight... | Find, read and cite all the research you need on ResearchGate},
 file = {N Masotti, F Persiani 2015 - Gaze-coupled Perspective for Enhanced Human-Machine:Attachments/N Masotti, F Persiani 2015 - Gaze-coupled Perspective for Enhanced Human-Machine.pdf:application/pdf}
}


@article{Palumbo.2022b,
 author = {Palumbo, Arrigo},
 year = {2022},
 title = {Microsoft HoloLens 2 in Medical and Healthcare Context: State of the Art and Future Prospects},
 keywords = {Augmented reality;COVID-19;Delivery of Health Care;head-mounted display;HoloLens;Humans;mixed reality;Pandemics;remote control;telemedicine;Virtual Reality},
 volume = {22},
 journaltitle = {Sensors (Basel, Switzerland)},
 doi = {10.3390/s22207709},
 number = {20},
 abstract = {In the world reference context, although virtual reality, augmented reality and mixed reality have been emerging methodologies for several years, only today technological and scientific advances have made them suitable to revolutionize clinical care and medical contexts through the provision of enhanced functionalities and improved health services. This systematic review provides the state-of-the-art applications of the Microsoft{\circledR} HoloLens 2 in a medical and healthcare context. Focusing on the potential that this technology has in providing digitally supported clinical care, also but not only in relation to the COVID-19 pandemic, studies that proved the applicability and feasibility of HoloLens 2 in a medical and healthcare scenario were considered. The review presents a thorough examination of the different studies conducted since 2019, focusing on HoloLens 2 medical sub-field applications, device functionalities provided to users, software/platform/framework used, as well as the study validation. The results provided in this paper could highlight the potential and limitations of the HoloLens 2-based innovative solutions and bring focus to emerging research topics, such as telemedicine, remote control and motor rehabilitation.},
 file = {sensors-22-07709-v2:Attachments/sensors-22-07709-v2.pdf:application/pdf},
 eprint = {36298059}
}


@book{Pomaska.2018,
 author = {Pomaska, G{\"u}nter},
 year = {2018},
 title = {3D-Fotos und -Videos},
 edition = {1},
 publisher = {Hanser},
 isbn = {9783446457157},
 subtitle = {Eigene Aufnahmen erstellen, bearbeiten und pr{\"a}sentieren},
 location = {M{\"u}nchen},
 abstract = {3D-Fotos und -Videos erstellen und pr{\"a}sentieren: So geht's! W{\"u}nschen Sie sich beim Betrachten Ihrer Reisefotos manchmal, Sie k{\"o}nnten noch einmal an diesen Ort zur{\"u}ckkehren? W{\"a}re es nicht toll, wenn Fotos pl{\"o}tzlich als dreidimensionale Raumbilder vor Ihren Augen erscheinen w{\"u}rden? In diesem Buch erfahren Sie alles, was Sie wissen m{\"u}ssen, um {\"u}berzeugende 3D-Fotos und -Videos zu erstellen -- von der analogen oder digitalen Aufnahme {\"u}ber die Bearbeitung bis hin zur Pr{\"a}sentation. Folgende Themen erwarten Sie: - Der Weg zum 3D-Foto oder -Video mit Stereo-/Monokamera, Smartphone, Action Cam {\&} RaspiCam - Die komplette Bandbreite der Verfahren: analog, digital {\&} hybrid - Alles rund um Bildgestaltung, Kameraausrichtung, Gespanne, Side-by-Side-Format, Anaglyphentechnik, Focus Stacking, HDR u.v.m. - Bildbearbeitung/-optimierung mit StereoPhoto Maker {\&} Co. - Bildbetrachtung {\&} Pr{\"a}sentation mittels Parallel-/Kreuzblick, Rot-Cyan-Brille, VR-Brille, Shuttertechnik oder 3D-Polarisation - 3D-Panorama, 360°-Aufnahmen und fotorealistische Computermodelle f{\"u}r Mixed Reality {\&} 3D-Druck Wenn Sie darauf brennen, Ihre eigenen 3D-Fotos und -Videos mit Kamera oder Smartphone zu erstellen, dann liefert Ihnen dieses Buch alle wichtigen Skills, um Ergebnisse mit Wow-Effekt zu erzielen.



Prof. Dr.-Ing. G{\"u}nter Pomaska lehrte Vermessungstechnik und Datenverarbeitung an der FH Bielefeld. Er war viele Jahre in den Bereichen Photogrammetrie und grafische Applikationsentwicklung in Industrieunternehmen t{\"a}tig},
 pagetotal = {1 Online-Ressource (x Seiten)},
 doi = {10.3139/9783446457157},
 file = {9783446457157.002:Attachments/9783446457157.002.pdf:application/pdf}
}


@misc{StanleyJ.Dougherty.1996,
 author = {{Stanley J. Dougherty}},
 year = {1996},
 title = {Air Refueling: The Cornerstone of Global Reach - Global Power},
 url = {https://apps.dtic.mil/sti/citations/ADA363454},
 abstract = {},
 pagetotal = {63},
 location = {Maxwell Air Force Base, AL},
 organization = {{Air War College Air University}},
 file = {ADA363454:Attachments/ADA363454.pdf:application/pdf}
}


@online{ThalesGroup.03.03.2023,
 author = {{Thales Group}},
 year = {03.03.2023},
 title = {Thales to power its next generation of simulators using Unreal Engine 5},
 url = {https://www.thalesgroup.com/en/market-specific/training-simulation/news/thales-power-its-next-generation-simulators-using-unreal},
 urldate = {2023-04-25},
 abstract = {Thales has announced it is entering into a long-term agreement with Epic Games, creator of Unreal Engine, the world's most open and advanced 3D creation tool.},
 file = {Thales Group 03032023 - Thales to power its next:Attachments/Thales Group 03032023 - Thales to power its next.pdf:application/pdf}
}


@online{Thetuvix.20230312,
 author = {Microsoft},
 editor = {Microsoft},
 year = {2023-03-12},
 title = {Holographic Rendering overview},
 url = {https://learn.microsoft.com/en-us/windows/mixed-reality/develop/advanced-concepts/rendering-overview},
 urldate = {2023-04-25},
 abstract = {Learn how holographic rendering enables your app to draw a hologram in a precise location in the world around the user.},
 file = {Thetuvix 2023-03-12 - Rendering:Attachments/Thetuvix 2023-03-12 - Rendering.pdf:application/pdf}
}


@online{Varjo.com.20230323,
 author = {Varjo},
 editor = {Varjo},
 year = {2023-03-23},
 title = {Varjo XR-3 - The industry's highest resolution mixed reality headset | Varjo},
 url = {https://varjo.com/products/xr-3/},
 urldate = {2023-04-25},
 abstract = {True-to-life professional mixed reality headset with the highest resolution across widest field of view. Built-in LiDAR, eye {\&} hand tracking.},
 file = {Varjo XR-3 - The industry's highest resolution mixed reality headset {\_} Varjo:Attachments/Varjo XR-3 - The industry's highest resolution mixed reality headset {\_} Varjo.pdf:application/pdf}
}


@book{Vogel.1997,
 author = {Vogel, Helmut},
 year = {1997},
 title = {Gerthsen Physik},
 keywords = {Dynamical systems;Elementary particles (Physics);Gravitation;Physics;Quantum computers;Quantum field theory;Quantum physics;Quantum theory;Spintronics;Statistical physics;Thermodynamics},
 edition = {19. Auflage},
 publisher = {{Springer Berlin Heidelberg}},
 isbn = {9783642868405},
 language = {ger},
 location = {Berlin, Heidelberg and s.l.},
 series = {Springer-Lehrbuch},
 abstract = {},
 pagetotal = {1266},
 doi = {10.1007/978-3-642-86840-5}
}


@online{vrgineers.20230307,
 author = {vrgineers},
 editor = {vrgineers},
 year = {2023-03-07},
 title = {XTAL 3 - Mixed Reality | vrgineers},
 url = {https://vrgineers.com/xtal-3-mixed-reality/},
 urldate = {2023-04-25},
 abstract = {The most advanced pilot dedicated mixed reality headset with the highest fidelity, market-leading 180° field of view, and 8K resolution. It was designed in cooperation with an international group of Air Force pilots to fulfill professional expectations.},
 file = {vrgineers 2023-03-07 - XTAL 3:Attachments/vrgineers 2023-03-07 - XTAL 3.pdf:application/pdf}
}


@online{worldLocking,
 author = {Microsoft},
 title = {World Locking Tools Documentation},
 url = {https://microsoft.github.io/MixedReality-WorldLockingTools-Unity/README.html},
 keywords = {Virtual Reality},
 urldate = {2023-04-25},
 abstract = {},
 file = {World Locking Tools Documentation:Attachments/World Locking Tools Documentation.pdf:application/pdf}
}


@article{Zhang.2014,
 author = {Zhang, Zichen and You, Zheng and Chu, Daping},
 year = {2014},
 title = {Fundamentals of phase-only liquid crystal on silicon (LCOS) devices},
 pages = {e213-e213},
 pagination = {page},
 volume = {3},
 issn = {2047-7538},
 journaltitle = {Light: Science {\&} Applications},
 shortjournal = {Light Sci Appl},
 language = {En;en},
 doi = {10.1038/lsa.2014.94},
 number = {10},
 abstract = {This paper describes the fundamentals of phase-only liquid crystal on silicon (LCOS) technology, which have not been previously discussed in detail. This technology is widely utilized in high efficiency applications for real-time holography and diffractive optics. The paper begins with a brief introduction on the developmental trajectory of phase-only LCOS technology, followed by the correct selection of liquid crystal (LC) materials and corresponding electro-optic effects in such devices. Attention is focused on the essential requirements of the physical aspects of the LC layer as well as the indispensable parameters for the response time of the device. Furthermore, the basic functionalities embedded in the complementary metal oxide semiconductor (CMOS) silicon backplane for phase-only LCOS devices are illustrated, including two typical addressing schemes. Finally, the application of phase-only LCOS devices in real-time holography will be introduced in association with the use of cutting-edge computer-generated holograms. The capabilities and applications of phase-only liquid crystal on silicon (LCOS) technology are reviewed by scientists in China and the United Kingdom. Zichen Zhang and co-workers from Tsinghua University in Beijing and the University of Cambridge describe how an electronically controlled liquid-crystal pixel array on a silicon backplane can be useful for manipulating the phase of coherent light. Such LCOS phase modulators have many potential applications, including real-time holography, head-up displays, wavelength-selective switches and reconfigurable optical add-drop multiplexers. Commercial devices currently offer array sizes of up to about 1-inch diagonal with pixel pitches in the range 6--20 \textgreek{m}m. However, the technology is still immature; the liquid-crystal materials and silicon control backplane need to be optimized in order to realize the potential of such devices.},
 file = {Zhang, You et al. 2014 - Fundamentals of phase-only liquid crystal:Attachments/Zhang, You et al. 2014 - Fundamentals of phase-only liquid crystal.pdf:application/pdf}
}


